<record><leader>00000cas a22000007a 4500</leader><controlfield tag="001">16816434</controlfield><controlfield tag="008">871006c19879999njudr ne      0   a0eng d</controlfield><datafield ind1=" " ind2=" " tag="010"><subfield code="a">sn 87068311 </subfield></datafield><datafield ind1=" " ind2=" " tag="040"><subfield code="a">NJW</subfield><subfield code="b">eng</subfield><subfield code="c">NJW</subfield><subfield code="d">NSD</subfield><subfield code="d">NJW</subfield><subfield code="d">NSD</subfield><subfield code="d">OCLCQ</subfield></datafield><datafield ind1=" " ind2=" " tag="012"><subfield code="m">1</subfield></datafield><datafield ind1="1" ind2=" " tag="022"><subfield code="a">0895-8807</subfield><subfield code="l">0895-8807</subfield><subfield code="2">1</subfield></datafield><datafield ind1=" " ind2=" " tag="032"><subfield code="a">241860</subfield><subfield code="b">USPS</subfield></datafield><datafield ind1=" " ind2=" " tag="037"><subfield code="b">North Jersey Herald &amp; News, P.O. Box 1019, Passaic, NJ 07055</subfield></datafield><datafield ind1=" " ind2=" " tag="042"><subfield code="a">msc</subfield><subfield code="a">nsdp</subfield></datafield><datafield ind1=" " ind2="4" tag="222"><subfield code="a">The North Jersey herald &amp; news</subfield></datafield><datafield ind1="0" ind2="4" tag="245"><subfield code="a">The North Jersey herald &amp; news.</subfield></datafield><datafield ind1="3" ind2="0" tag="246"><subfield code="a">North Jersey herald and news</subfield></datafield><datafield ind1="1" ind2=" " tag="246"><subfield code="i">Issues for Dec. 31, 1997- called:</subfield><subfield code="a">North Jersey herald news</subfield></datafield><datafield ind1="3" ind2="0" tag="246"><subfield code="a">Herald &amp; news</subfield></datafield><datafield ind1="3" ind2="0" tag="246"><subfield code="a">Herald and news</subfield></datafield><datafield ind1=" " ind2=" " tag="260"><subfield code="a">Passaic, N.J. :</subfield><subfield code="b">North Jersey Newspapers, Inc.,</subfield><subfield code="c">1987-</subfield></datafield><datafield ind1=" " ind2=" " tag="300"><subfield code="a">v.</subfield></datafield><datafield ind1=" " ind2=" " tag="310"><subfield code="a">Daily</subfield></datafield><datafield ind1="0" ind2=" " tag="362"><subfield code="a">Sept. 21, 1987-</subfield></datafield><datafield ind1=" " ind2=" " tag="752"><subfield code="a">United States</subfield><subfield code="b">New Jersey</subfield><subfield code="c">Passaic</subfield><subfield code="d">Passaic.</subfield></datafield><datafield ind1="0" ind2="4" tag="780"><subfield code="t">News (Paterson, N.J.)</subfield><subfield code="w">(DLC)sn 84020520</subfield><subfield code="w">(OCoLC)11012534</subfield></datafield><datafield ind1="0" ind2="4" tag="780"><subfield code="t">North Jersey herald-news</subfield><subfield code="w">(DLC)sn 86077288</subfield><subfield code="w">(OCoLC)15492268</subfield></datafield></record>